<?xml version="1.0" encoding="UTF-8"?><collection xmlns="http://www.loc.gov/MARC21/slim"><record><leader>00407nam--2200121-i-4500</leader><controlfield tag="001">000026610</controlfield><controlfield tag="002">20161230</controlfield><controlfield tag="005">20161230201036</controlfield><controlfield tag="008">060222s1000------------r-----000-0-eng-d</controlfield><datafield ind1=" " ind2=" " tag="100"><subfield code="a">Keen, A.W</subfield></datafield><datafield ind1=" " ind2=" " tag="245"><subfield code="a">Electronics. an introduction for the nontechniccal reader and student to all aspects of electronics in this modern age of science</subfield></datafield><datafield ind1=" " ind2=" " tag="260"><subfield code="a">New York, The Philosophical Library, 1956, 255p</subfield></datafield><datafield ind1=" " ind2=" " tag="852"><subfield code="a">12629</subfield></datafield></record></collection>